@article{p1,
  title={A High-Throughput, Arbitrary-Waveform, MPI Spectrometer and Relaxometer for Comprehensive Magnetic Particle Optimization and Characterization},
  author={Zhi Wei Tay},
  journal={Scientific Reports},
  volume={6},
  number={1},
  pages={34180},
  year={Sept. 2016},
  publisher={Crossref}
}

@article{p2,
title={Bacteria-Carried Iron Oxide Nanoparticles for Treatment of Anemia},
author={Victor Garcés et al},
journal={Bioconjugate Chem.},
volume={29},
number={5},
pages={1785-1791},
year={May, 2018},
publisher={American Chemical Society},
}

@article{p3,
title={Applications of Nanoparticles for MRI Cancer Diagnosis and Therapy},
author={Blasik, Barbara et Al},
journal={Journal of Nanomaterials},
volume={2013},
pages={1-12},
year={2013},
}


@online{p4,
    title={Magnetic Particle Spectroscopy Nanomag-Project},
    URL={http://www.nanomag-project.eu/magnetic-particle-spectroscopy.html},
    date={2019},
}

@article{p5,
    title={Commercialization of a magnetic particle spectrometer},
    author={M. Erbe, T.F. Sattel, and T.M. Buzug},
    journal={2012 12th IEEE International Conference on Nanotechnology (IEEE-NANO)},
    pages={1-4},
    Year={2012}
}

@article{p6,
	author={Biederer et al},
	title={Magnetization response spectroscopy of superparamagnetic nanoparticles for magnetic particle imaging},
	journal={J. Phys. D: Appl. Phys},
	volume={42},
	number={20},
	page={205007},
	year={Oct.2009}
}

@online{p7,
    title={MPS | Magnetic Particle Spectroscopy}, 
    URL={https://www.pure-devices.com/index.php/products/products-mps.html},
    date={Oct.2019},
}

@article{p8,
	title={A Low Cost 3D Printed Magnetic Particle Spectrometer for the Undergraduate Laboratory},
	author={R. H. Morris ET al},
	Journal={9th IWMPI},
	year={Mar. 2019},
}
@article{p9,
	title={Two dimensional magnetic particle spectrometry},
	author={M.Graeser, A.von Gladiss, M.Weber and T.M.Buzug},
	journal={Phys. Med. Biol.},
	Volume={62},
	number={9},
	pages={3378-3391},
	year={April, 2017},
}
@online{p10,
    title={Magnetic particle spectroscopy-based bioassays: methods, applications, advances, and future opportunities},
    URL={https://iopscience.iop.org/article/10.1088/1361-6463/ab03c0},
    date={10 Nov. 2019}
}

@article{p11,
    title={Magnetic particle imaging in vascular medicine},
    author={Bakenecker ET AL.},
    journal={Innovative Surgical Sciences},
    volume={3},
    number={1},
    pages={179-192},
    year={Oct. 2018},
}
@article{p12,
    title={The Potential of Magnetic Particle Imaging in the Competitive Environment of Cardiac Diagnostics},
    author={G. Schütz},
    journal={Magnetic Particle Imaging},
    pages={129-134},
    year={2012}
}

@online{p13,
    title={Current rating},
    URL={https://www.jst.fr/doc/jst/pdf/current_rating.pdf},
}

@online{p14,
    title={Adafruit Feather M4 Express - Featuring ATSAMD51},
    URL={https://www.adafruit.com/product/3857},
    urldate={05-6-2020},
}

